@misc{ctex2022,
  author = {{CTEX.ORG}},
  title  = {{CTEX} 宏集手册},
  year = 2022,
  url    = {https://mirrors.tuna.tsinghua.edu.cn/CTAN/language/chinese/ctex/ctex.pdf}
}
@book{mittelbach2004,
  title={The {LATEX} companion},
  author={Mittelbach, Frank and Goossens, Michel and Braams, Johannes and Carlisle, David and Rowley, Chris},
  year={2004},
  publisher={Addison-Wesley Professional}
}
@book{kottwitz2015,
  title={{LATEX}Cookbook},
  author={Kottwitz, Stefan},
  year={2015},
  publisher={Packt Publishing Ltd}
}

@book{张琪昌2005,
  title={分岔与混沌理论及应用——天津大学“211工程”丛书},
  author={张琪昌},
  publisher={分岔与混沌理论及应用——天津大学“211工程”丛书},
  year={2005},
}

